@article{b2fh,
  title = {Synthesis of the Elements in Stars},
  author = {Burbidge, E. Margaret and Burbidge, G. R. and Fowler, William A. and Hoyle, F.},
  journal = {Rev. Mod. Phys.},
  volume = {29},
  issue = {4},
  pages = {547--650},
  numpages = {0},
  year = {1957},
  month = {Oct},
  publisher = {American Physical Society},
  doi = {10.1103/RevModPhys.29.547},
  url = {https://link.aps.org/doi/10.1103/RevModPhys.29.547}
}
@BOOK{iliadis,
       author = {{Iliadis}, Christian},
        title = "{Nuclear Physics of Stars}",
         year = 2007,
       adsurl = {https://ui.adsabs.harvard.edu/abs/2007nps..book.....I},
      adsnote = {Provided by the SAO/NASA Astrophysics Data System}
}
@article{s-review,
  title = {The $s$ process: Nuclear physics, stellar models, and observations},
  author = {K\"appeler, F. and Gallino, R. and Bisterzo, S. and Aoki, Wako},
  journal = {Rev. Mod. Phys.},
  volume = {83},
  issue = {1},
  pages = {157--193},
  numpages = {0},
  year = {2011},
  month = {Apr},
  publisher = {American Physical Society},
  doi = {10.1103/RevModPhys.83.157},
  url = {https://link.aps.org/doi/10.1103/RevModPhys.83.157}
}
@article{r-review,
  title = {Origin of the heaviest elements: The rapid neutron-capture process},
  author = {Cowan, John J. and Sneden, Christopher and Lawler, James E. and Aprahamian, Ani and Wiescher, Michael and Langanke, Karlheinz and Mart\'{\i}nez-Pinedo, Gabriel and Thielemann, Friedrich-Karl},
  journal = {Rev. Mod. Phys.},
  volume = {93},
  issue = {1},
  pages = {015002},
  numpages = {85},
  year = {2021},
  month = {Feb},
  publisher = {American Physical Society},
  doi = {10.1103/RevModPhys.93.015002},
  url = {https://link.aps.org/doi/10.1103/RevModPhys.93.015002}
}
@article{larsen_spyrou_review,
title = {Novel techniques for constraining neutron-capture rates relevant for r-process heavy-element nucleosynthesis},
journal = {Progress in Particle and Nuclear Physics},
volume = {107},
pages = {69-108},
year = {2019},
issn = {0146-6410},
doi = {https://doi.org/10.1016/j.ppnp.2019.04.002},
url = {https://www.sciencedirect.com/science/article/pii/S0146641019300298},
author = {A.C. Larsen and A. Spyrou and S.N. Liddick and M. Guttormsen},
keywords = { process, () cross sections, Level density, -ray strength function, Experimental techniques}
}